@inproceedings{Bae:2009,
 author = {Bae, S-H. and Balakrishnan, R. and Singh, K.},
 title = {Everybody{L}oves{S}ketch: 3{D} sketching for a broader audience},
 booktitle = {22nd Symposium on User Interface Software and Technology},
 year = {2009},
 isbn = {978-1-60558-745-5},
 location = {Victoria, BC, Canada},
 pages = {59--68},
 numpages = {10},
 doi = {http://doi.acm.org/10.1145/1622176.1622189},
 acmid = {1622189},
 publisher = {ACM},
}

@article{Kozen:2010,
author="Kozen, Ikujiro",
title={The Realistic Modeling Technique for Computer Aided Industrial Art and Design System which enable Creative Crafting Works, or ``monozukuri'' (in Japanese)},
journal="Jidousha Gijutsu",
ISSN="03857298",
publisher="Jidousha Gijutsu-kai",
year="2010",
volume="64",
number="6",
pages="18-24"
}

@incollection {Beier:1994,
   author = {Beier, K-P. and Chen, Y.},
   title = {The Highlight Band, a Simplified Reflection Model for Interactive Smoothness Evaluation},
   booktitle = {Designing Fair Curves and Surfaces},
   editor = {Sapidis, N. S.},
   pages = {213--230},
   publisher = {SIAM},
   isbn = {0-898-71332-3},
   year = {1994}
}

@inproceedings{Eck:1995,
  author = {Matthias Eck and Jan Hadenfeld},
  title = {Local Energy Fairing of B-Spline Curves},
  editor    = {Hans Hagen and
               Gerald E. Farin and
               Hartmut Noltemeier and
               Rudolf F. Albrecht},
  booktitle = {Geometric Modelling},
  publisher = {Springer},
  series    = {Computing Supplement},
  volume    = {10},
  year      = {1995},
  pages     = {129--147},
  isbn      = {3-211-82666-1},
  bibsource = {DBLP, http://dblp.uni-trier.de}
}

@inproceedings{Hadenfeld:1996,
  author = {Hadenfeld, J.},
  title = {Fairing of B-Spline Curves and Surfaces},
  editor = {Hoschek, J. and Kaklis, P.},
  booktitle = {Advanced Course on FAIRSHAPE},
  pages = {59--75},
  publisher = {Teubner Stuttgart},
  isbn = {3-519-02634-1},
  year = {1996}
}

@inproceedings{Hadenfeld:1995,
  author = {Hadenfeld, J.},
  title = {Local Energy Fairing of B-Spline Surfaces},
  editor = {Daehlen, M. and Lyche, T. and Schumaker, L.~L.},
  booktitle = {Mathematical Methods for Curves and Surfaces},
  pages = {203--212},
  publisher = {Vanderbilt University Press},
  isbn = {0-826-51268-2},
  year = {1995}
}

@incollection{Varady:2002,
  author =       "V\'{a}rady, Tam\'{a}s and Martin, Ralph",
  title =        "Reverse Engineering",
  year =         "2002",
  editors =      "G.~Farin, J.~Hoschek, M.~Kim",
  booktitle =    "Handbook of Computer Aided Geometric Design",
  chapter =      "26",
  pages =        "193--229",
  publisher =    "Elsevier",
}

@article{Hahmann:1998,
title = "Knot-removal surface fairing using search strategies",
journal = "Computer-Aided Design",
volume = "30",
number = "2",
pages = "131--138",
year = "1998",
note = "",
issn = "0010-4485",
doi = "10.1016/S0010-4485(97)00078-X",
author = "Stefanie Hahmann and Stefan Konz",
}

@article{Hahmann:1998:shape-improvement,
    author = {Stefanie Hahmann},
    title = {Shape Improvement of Surfaces},
    editor = {Farin, Gerald E. and Bieri, Hanspeter and Brunnett, Guido and DeRose, Tony},
    journal = {Geometric Modelling},
    series = {Computing Supplement},
    publisher = {Springer},
    year = {1998},
    volume = {13},
    pages = {135--152}
}

@book{Hoffmann:1989,
 author = {Hoffmann, M.},
 title = {Geometric and Solid Modeling --- an Introduction},
 year = {1989},
 publisher = {Morgan Kaufmann Publishers Inc.},
} 

@inproceedings{Moreton:1992,
 author = {Moreton, Henry P. and S\'{e}quin, Carlo H.},
 title = {Functional optimization for fair surface design},
 booktitle = {19th Conference on Computer Graphics and Interactive Techniques},
 series = {SIGGRAPH},
 year = {1992},
 isbn = {0-89791-479-1},
 pages = {167--176},
 numpages = {10},
 doi = {http://doi.acm.org/10.1145/133994.134035},
 acmid = {134035},
 publisher = {ACM},
}

@incollection {Moreton:1994,
   author = {Moreton, H.~P. and Sequin, C.~H.},
   title = {Minimum Variation Curves and Surfaces for Computer-Aided Geometric Design},
   booktitle = {Designing Fair Curves and Surfaces},
   editor = {Sapidis, N. S.},
   pages = {123--159},
   publisher = {SIAM},
   isbn = {0-898-71332-3},
   year = {1994}
}

@book{Press:1992:NRC:148286,
 author = {Press, William H. and Teukolsky, Saul A. and Vetterling, William T. and Flannery, Brian P.},
 title = {Numerical recipes in C (2nd ed.): the art of scientific computing},
 year = {1992},
 isbn = {0-521-43108-5},
 publisher = {Cambridge University Press},
} 

@incollection {Roulier:1994,
   author = {Roulier, J. and Rando, T.},
   title = {Measures of Fairness for Curves and Surfaces},
   booktitle = {Designing Fair Curves and Surfaces},
   editor = {Sapidis, N. S.},
   pages = {75--122},
   publisher = {SIAM},
   isbn = {0-898-71332-3},
   year = {1994}
}

@book{Piegl:1997,
 author = {Piegl, Les and Tiller, Wayne},
 title = {The NURBS book (2nd ed.)},
 year = {1997},
 isbn = {3-540-61545-8},
 publisher = {Springer-Verlag New York, Inc.},
}

@article{Lee:1990,
title = "Energy, fairness, and a counterexample",
journal = "Computer-Aided Design",
volume = "22",
number = "1",
pages = "37--40",
year = "1990",
note = "",
issn = "0010-4485",
doi = "10.1016/0010-4485(90)90027-A",
author = "Lee, E.~T.~Y.",
}

@article{Farin:1987,
title = "Fairing cubic B-spline curves",
journal = "Computer Aided Geometric Design",
volume = "4",
pages = "91--103",
year = "1987",
issn = "0167-8396",
doi = "10.1016/0167-8396(87)90027-6",
author = "G. Farin and G. Rein and N. Sapidis and A.J. Worsey",
}

@inproceedings{Greiner:1996,
  author = {Greiner, G.},
  title = {Curvature Approximation with Application to Surface Modeling},
  editor = {Hoschek, J. and Kaklis, P.},
  booktitle = {Advanced Course on FAIRSHAPE},
  pages = {241--252},
  publisher = {Teubner Stuttgart},
  isbn = {3-519-02634-1},
  year = {1996}
}

@article{Hermann:1999,
title = "Geometrical criteria on the higher order smoothness of composite surfaces",
journal = "Computer Aided Geometric Design",
volume = "16",
number = "9",
pages = "907--911",
year = "1999",
note = "",
issn = "0167-8396",
doi = "10.1016/S0167-8396(99)00036-9",
author = "Thomas Hermann and G\'{a}bor Luk\'{a}cs and Franz-Erich Wolter",
}

@article{Hsu:1998,
 author = {Hsu, Kun Lung and Tsay, Der Min},
 title = {Corner Blending of Free-Form N-Sided Holes},
 journal = {IEEE Computer Graphics and Applications},
 volume = {18},
 issue = {1},
 year = {1998},
 issn = {0272-1716},
 pages = {72--78},
 numpages = {7},
 doi = {10.1109/38.637308},
 acmid = {618499},
 publisher = {IEEE Computer Society Press},
}

@article {Kobbelt:2000,
   author = {Kobbelt, Leif P.},
   affiliation = {Max Planck Institute for Computer Sciences, Im Stadtwald, 66123 Saarbr√ºcken, Germany e-mail: kobbelt@mpi-sb.mpg.de DE DE},
   title = {Discrete fairing and variational subdivision for freeform surface design},
   journal = {The Visual Computer},
   publisher = {Springer},
   issn = {0178-2789},
   keyword = {Computer Science},
   pages = {142--158},
   volume = {16},
   issue = {3},
   note = {10.1007/s003710050204},
   year = {2000}
}

@article {Lai:2001,
   author = {Lai, J-Y. and Ueng, W-D.},
   affiliation = {Mechanical Engineering Department, National Central University, Chung-Li 320, Taiwan TW},
   title = {G2 Continuity for Multiple Surfaces Fitting},
   journal = {The International Journal of Advanced Manufacturing Technology},
   publisher = {Springer London},
   issn = {0268-3768},
   keyword = {Engineering},
   pages = {575--585},
   volume = {17},
   issue = {8},
   note = {10.1007/s001700170141},
   year = {2001}
}

@article{Pegna:1992,
author = {Joseph Pegna and Franz-Erich Wolter},
collaboration = {},
title = {Geometrical Criteria to Guarantee Curvature Continuity of Blend Surfaces},
publisher = {ASME},
year = {1992},
journal = {Journal of Mechanical Design},
volume = {114},
number = {1},
pages = {201--210},
doi = {10.1115/1.2916918}
}

@Article{Glover:1989,
  author =       "Fred Glover",
  title =        "Tabu Search",
  journal =      "ORSA Journal on Computing",
  year =         "1989",
  volume =       "1",
  number =       "3",
  pages =        "190--206",
  language =     "english",
}

@article{Varady:1997,
title = "Geometric construction for setback vertex blending",
journal = "Computer-Aided Design",
volume = "29",
number = "6",
pages = "413--425",
year = "1997",
note = "",
issn = "0010-4485",
doi = "10.1016/S0010-4485(96)00070-X",
author = "V\'{a}rady, Tam\'{a}s and Rockwood, Alyn"
}

@inproceedings{Varady:1994,
 author = {V\'{a}rady, Tam\'{a}s and Hermann, Thomas},
 title = {Best Fit Surface Curvature at Vertices of Topologically Irregular Curve Networks},
 booktitle = {Mathematics of Surfaces VI},
 year = {1996},
 isbn = {0-19-851198-1},
 pages = {411--427},
 numpages = {17},
 acmid = {709818},
 publisher = {Clarendon Press},
}

@incollection {Gao:2005,
   author = {Gao, Kun and Rockwood, Alyn},
   affiliation = {D*Syn Corp, Black Forest, Colorado USA},
   title = {Multi-sided Attribute Based Modeling},
   booktitle = {Mathematics of Surfaces XI},
   series = {Lecture Notes in Computer Science},
   publisher = {Springer},
   isbn = {},
   pages = {219--232},
   year = {2005}
}
editor = {Martin, Ralph and Bez, Helmut and Sabin, Malcolm},

@inproceedings{Gao:2006,
 author = {Gao, Kun and Park, Hwajin and Rockwood, Alyn and Sowar, Dick},
 title = {Attribute based interfaces for geometric modeling},
 booktitle = {SIGGRAPH Symposium on Videogames},
 series = {Sandbox},
 year = {2006},
 isbn = {1-59593-386-7},
 location = {Boston, Massachusetts},
 pages = {107--112},
 numpages = {6},
 doi = {http://doi.acm.org/10.1145/1183316.1183332},
 acmid = {1183332},
 publisher = {ACM},
 keywords = {collaborative design, conceptual design, multi-sided patches},
}

@article{Storry:1989,
title = "Design of an n-sided surface patch from {H}ermite boundary data",
journal = "Computer Aided Geometric Design",
volume = "6",
number = "2",
pages = "111--120",
year = "1989",
note = "",
issn = "0167-8396",
doi = "DOI: 10.1016/0167-8396(89)90014-9",
author = "D.J.T. Storry and A.A. Ball",
keywords = "Non-rectangular topologies",
keywords = "bicubic surfaces",
keywords = "B-spline surfaces",
keywords = "tangent plane continuity",
keywords = "recursive subdivision",
keywords = "discrete Fourier transform"
}

@article{Charrot:1984,
title = "A pentagonal surface patch for computer aided geometric design",
journal = "Computer Aided Geometric Design",
volume = "1",
number = "1",
pages = "87--94",
year = "1984",
note = "",
issn = "0167-8396",
doi = "DOI: 10.1016/0167-8396(84)90006-2",
author = "P.~Charrot and J.~A.~Gregory",
keywords = "Surfaces",
keywords = "interpolation",
keywords = "multisided patches"
}

@inproceedings{Plowman:1996,
 author = {Plowman, D. and Charrot, P.},
 title = {A Practical Implementation of Vertex Blend Surfaces using an n-Sided Patch},
 booktitle = {Mathematics of Surfaces VI},
 year = {1996},
 isbn = {0-19-851198-1},
 pages = {67--78},
 numpages = {12},
 acmid = {709678},
 publisher = {Clarendon Press},
} 

@article{Gregory:1989,
 author = {Gregory, John A. and Hahn, J\"{o}rg M.},
 title = {A {$C^2$} polygonal surface patch},
 journal = {Computer Aided Geometric Design},
 volume = {6},
 number = {1},
 year = {1989},
 issn = {0167-8396},
 pages = {69--75},
 numpages = {7},
 doi = {10.1016/0167-8396(89)90007-1},
 acmid = {64563},
 publisher = {Elsevier Science Publishers B. V.},
} 

@article{Hall:1999,
title = "The {Z}heng-{B}all construction without twist constraints",
journal = "Computer Aided Geometric Design",
volume = "16",
number = "3",
pages = "165--175",
year = "1999",
note = "",
issn = "0167-8396",
doi = "DOI: 10.1016/S0167-8396(98)00041-7",
author = "Richard Hall and Glen Mullineux",
keywords = "Non-four-sided area",
keywords = "Control point",
keywords = "Incompatible twist vectors"
}

@inproceedings{Hall:1997,
 author = {Hall, R. and Mullineux, G.},
 title = {Shape modification of {G}regory patches},
 booktitle = {Mathematics of Surfaces VII},
 year = {1997},
 isbn = {1-874728-12-7},
 pages = {383--408},
 numpages = {26},
 publisher = {Information Geometers},
} 

@article{Hosaka:1984,
title = "Non-four-sided patch expressions with control points",
journal = "Computer Aided Geometric Design",
volume = "1",
number = "1",
pages = "75--86",
year = "1984",
note = "",
issn = "0167-8396",
doi = "DOI: 10.1016/0167-8396(84)90005-0",
author = "Mamoru Hosaka and Fumihiko Kimura",
keywords = "Interpolation",
keywords = "surfaces",
keywords = "multisided patches"
}

@inproceedings{Karciauskas:1998,
 author = {Kar{\v c}iauskas, K.},
 title = {Rational m-sided surface patches},
 booktitle = {Mathematics of Surfaces VIII},
 year = {1998},
 isbn = {1-874728-15-1},
 pages = {355--368},
 numpages = {14},
 publisher = {Information Geometers},
} 

@InCollection{Karciauskas:2000,
  author =      {Kar{\v c}iauskas, K. and Krasauskas, R.},
  title =       {Comparison of different multi-sided surface patches using algebraic geometry},
  booktitle =   {Curve and Surface Design},
  editor =      {P.-J. Laurent and P. Sablonni{\`e}re and L. L. Schumaker},
  series =      {Innovations in Applied Mathematics},
  year =        2000,
  pages =       {163--172},
  publisher =   {Vanderbilt University Press},
}

@article{Karciauskas:2007:BicubicPolar,
  title={Bicubic polar subdivision},
  author={Kar{\v{c}}iauskas, K»©stutis and Peters, J{\"o}rg},
  journal={Transactions on Graphics},
  volume={26},
  number={4},
  pages={14},
  year={2007},
  publisher={ACM}
}

@article{Kato:1991,
title = "Generation of {$n$}-sided surface patches with holes",
journal = "Computer-Aided Design",
volume = "23",
number = "10",
pages = "676--683",
year = "1991",
note = "",
issn = "0010-4485",
author = "Kato, Kiyokata",
keywords = "computer-aided design",
keywords = "free-form surfaces",
keywords = "geometric modelling"
}
@Comment doi = "DOI: 10.1016/0010-4485(91)90020-W",

@InCollection{Kato:2000,
  author =      {Kato, K.},
  title =       {N-sided surface generation from arbitrary boundary edges},
  booktitle =   {Curve and Surface Design},
  series =      {Innovations in Applied Mathematics},
  year =        2000,
  pages =       {173--181},
  publisher =   {Vanderbilt University Press},
}
editor =      {P.-J. Laurent and P. Sablonni{\`e}re and L. L. Schumaker},

@inproceedings{Lodha:1993,
 author = {Lodha, S.},
 title = {Filling n-sided holes},
 booktitle = {Modeling in Computer Graphics},
 series = {IFIP Series on Computer Graphics},
 year = {1993},
 pages = {319--345},
 numpages = {27},
 publisher = {Springer}
} 

@inproceedings{Loop:1990,
 author = {Loop, Charles T. and DeRose, Tony D.},
 title = {Generalized {B}-spline surfaces of arbitrary topology},
 booktitle = {17th Conference on Computer Graphics and Interactive Techniques},
 series = {SIGGRAPH},
 year = {1990},
 isbn = {0-89791-344-2},
 location = {Dallas, TX, USA},
 pages = {347--356},
 numpages = {10},
 doi = {http://doi.acm.org/10.1145/97879.97917},
 acmid = {97917},
 publisher = {ACM},
}

@inproceedings{Malraison:1998,
 author = {Malraison, P.},
 title = {A bibliography for n-sided surfaces},
 booktitle = {Mathematics of Surfaces VIII},
 year = {1998},
 isbn = {1-874728-15-1},
 pages = {419--430},
 numpages = {12},
 publisher = {Information Geometers},
} 

@inproceedings{Renner:1991,
 author = {Renner, G.},
 editor = {Laurent, Pierre-Jean and Le M\'{e}haut\'{e}, Alain and Schumaker, Larry L.},
 title = {Polynomial n-sided patches},
 booktitle = {Curves and surfaces},
 year = {1991},
 isbn = {0-12-438660-1},
 pages = {407--410},
 publisher = {Academic Press Professional, Inc.},
} 

@inproceedings{Sabin:1983,
 author = {Sabin, M.},
 title = {Non-rectangular surface patches suitable for inclusion in a {B}-spline surface},
 booktitle = {EuroGraphics},
 year = {1983},
 pages = {57--70},
 publisher = {North Holland}
}

@inproceedings{Sabin:1996,
 author = {Sabin, Malcolm},
 title = {Transfinite Surface Interpolation},
 booktitle = {Mathematics of Surfaces VI},
 year = {1996},
 isbn = {0-19-851198-1},
 pages = {517--534},
 numpages = {18},
 acmid = {709696},
 publisher = {Clarendon Press},
}

@inproceedings{Sabin:1998:Two-sided,
 author = {Sabin, Malcolm},
 title = {Two-sided patches suitable for inclusion in a {B}-spline surface},
 booktitle = {Conference on Mathematical Methods for Curves and Surfaces},
 year = {1998},
 isbn = {0-8265-1315-8},
 location = {Lillehammer, Norway},
 pages = {409--416},
 numpages = {8},
 acmid = {285648},
 publisher = {Vanderbilt University},
}

@InCollection{Sone:2000,
  author =      {Sone, J. and Konno, K. and Chiyokura, H.},
  title =       {Surface interpolation of non-four-sided and concave area by {NURBS} boundary {G}regory patch},
  booktitle =   {Curve and Surface Design},
  series =      {Innovations in Applied Mathematics},
  year =        2000,
  pages =       {389--398},
  publisher =   {Vanderbilt University Press},
}
@Comment   editor = {P.-J. Laurent and P. Sablonni{\`e}re and L. L. Schumaker},

@inproceedings{Varady:1998,
 author = {V\'{a}rady, Tam\'{a}s and Hoffmann, Chris M.},
 title = {Vertex blending: problems and solutions},
 booktitle = {Conference on Mathematical Methods for Curves and Surfaces},
 year = {1998},
 isbn = {0-8265-1315-8},
 location = {Lillehammer, Norway},
 pages = {501--527},
 numpages = {27},
 acmid = {285658},
 publisher = {Vanderbilt University},
}

@article{Varady:1991,
title = "Overlap patches: a new scheme for interpolating curve networks with n-sided regions",
journal = "Computer Aided Geometric Design",
volume = "8",
number = "1",
pages = "7--27",
year = "1991",
note = "",
issn = "0167-8396",
doi = "DOI: 10.1016/0167-8396(91)90046-E",
author = "Tamas V\'{a}rady",
keywords = "n-sided parametric patches",
keywords = "VC1 continuity",
keywords = "interpolation of curve networks"
}

@inproceedings{Varady:1988,
 author = {V\'{a}rady, T.},
 title = {Survey and new results in n-sided patch generation},
 booktitle = {Mathematics of surfaces II},
 year = {1988},
 isbn = {0-19-853619-4},
 location = {Cardiff, United Kingdom},
 pages = {203--235},
 numpages = {33},
 acmid = {66820},
 publisher = {Clarendon Press},
}

@inproceedings{Wang:1999,
 author = {Wang, Xuefu and Cheng, Fuhua (Frank) and Barsky, Brian A.},
 title = {Blending, smoothing and interpolation of irregular meshes using N-sided {V}arady patches},
 booktitle = {5th Symposium on Solid Modeling and Applications},
 year = {1999},
 isbn = {1-58113-080-5},
 location = {Ann Arbor, Michigan, United States},
 pages = {212--222},
 numpages = {11},
 doi = {http://doi.acm.org/10.1145/304012.304034},
 acmid = {304034},
 publisher = {ACM},
 keywords = {N-sided surfaces, Varady patches, arbitrary topology, computer-aided geometric design, energy optimization, irregular meshes},
}

@article{Warren:1992,
 author = {Warren, Joe},
 title = {Creating multisided rational {B\'e}zier surfaces using base points},
 journal = {ACM Transactions on Graphics},
 volume = {11},
 number = {2},
 year = {1992},
 issn = {0730-0301},
 pages = {127--139},
 numpages = {13},
 doi = {http://doi.acm.org/10.1145/130826.130828},
 acmid = {130828},
 publisher = {ACM},
 keywords = {blowing up, multisided patches},
}

@inproceedings{Warren:1994,
 author = {Warren, J.},
 title = {Multi-sided Rational Surface Patches with Independent Boundary Control},
 booktitle = {Mathematics of Surfaces V},
 year = {1994},
 isbn = {0-19-853483-3},
 pages = {281--294},
 numpages = {14},
 acmid = {709550},
 publisher = {Clarendon Press},
}

@incollection{Zhao:1994,
 author = {Zhao, Y. and Rockwood, A.},
 title = {A convolution approach to n-sided patches and vertex blending},
 booktitle = {Designing Fair Curves and Surfaces: Shape Quality in Geometric Modeling and Computer-Aided Design},
 year = {1994},
 isbn = {0898713323},
 publisher = {Society for Industrial and Applied Mathematics},
} 

@article{Zube:2000,
author = {Zube, S.},
title = {n-sided toric patches and {A}-resultants},
journal = {Computer Aided Geometric Design},
volume = {17},
number = {7},
pages = {695--714},
year = {2000}
}

@article{Loop:1989,
 author = {Loop, Charles T. and DeRose, Tony D.},
 title = {A multisided generalization of {B\'e}zier surfaces},
 journal = {ACM Transactions on Graphics},
 volume = {8},
 number = {3},
 year = {1989},
 issn = {0730-0301},
 pages = {204--234},
 numpages = {31},
 acmid = {77059},
 publisher = {ACM},
}
 @Comment doi = {http://doi.acm.org/10.1145/77055.77059},

@inproceedings{Sabin:1998,
 author = {Sabin, M.},
 title = {Further transfinite surface developments},
 booktitle = {Mathematics of Surfaces VIII},
 year = {1998},
 isbn = {1-874728-15-1},
 pages = {161--173},
 numpages = {13},
 publisher = {Information Geometers},
} 

@article{Braid:1997,
title = {Non-local blending of boundary models},
journal = {Computer-Aided Design},
volume = {29},
number = {2},
pages = {89--100},
year = {1997},
note = {Solid Modelling},
issn = {0010-4485},
doi = {DOI: 10.1016/S0010-4485(96)00038-3},
author = {IC Braid},
keywords = {blending},
keywords = {boundary modelling}
}

@article{Sederberg:2003,
  title={T-splines and {T-NURCCs}},
  author={Sederberg, Thomas W and Zheng, Jianmin and Bakenov, Almaz and Nasri, Ahmad},
  journal={Transactions on Graphics},
  volume={22},
  number={3},
  pages={477--484},
  year={2003},
  publisher={ACM}
}

@inproceedings{Sederberg:2004,
 author = {Sederberg, Thomas W. and Cardon, David L. and Finnigan, G. Thomas and North, Nicholas S. and Zheng, Jianmin and Lyche, Tom},
 title = {T-spline simplification and local refinement},
 booktitle = {SIGGRAPH},
 year = {2004},
 location = {Los Angeles, California},
 pages = {276--283},
 numpages = {8},
 doi = {http://doi.acm.org/10.1145/1186562.1015715},
 acmid = {1015715},
 publisher = {ACM},
 keywords = {NURBS surfaces, T-splines, knot removal, local refinement, subdivision surfaces},
}

@article{Catmull:1978,
title = "Recursively generated {B}-spline surfaces on arbitrary topological meshes",
journal = "Computer-Aided Design",
volume = "10",
number = "6",
pages = "350--355",
year = "1978",
note = "",
issn = "0010-4485",
doi = "DOI: 10.1016/0010-4485(78)90110-0",
author = "E. Catmull and J. Clark"
}

@article{Doo:1978,
title = "Behaviour of recursive division surfaces near extraordinary points",
journal = "Computer-Aided Design",
volume = "10",
number = "6",
pages = "356--360",
year = "1978",
note = "",
issn = "0010-4485",
doi = "DOI: 10.1016/0010-4485(78)90111-2",
author = "D. Doo and M. Sabin"
}

@article{Zheng:1997,
  title={Control point surfaces over non-four-sided areas},
  author={Zheng, Jinjin and Ball, Alan A.},
  journal={Computer Aided Geometric Design},
  volume={14},
  number={9},
  pages={807--821},
  year={1997},
  publisher={Elsevier}
}

@article{Zheng:2001,
  title={The n-sided control point surfaces without twist constraints},
  author={Zheng, JJ},
  journal={Computer Aided Geometric Design},
  volume={18},
  number={2},
  pages={129--134},
  year={2001},
  publisher={Elsevier}
}

@inproceedings{Gregory:1986,
 author = {Gregory, John A.},
 title = {{$n$}-sided Surface Patches},
 booktitle = {Mathematics of Surfaces I},
 year = {1986},
 isbn = {0-19-853609-7},
 pages = {217--232},
 numpages = {16},
 publisher = {Oxford University Press},
} 

@incollection{Gregory:1990,
 author = {Gregory, J. A. and Lau, V. K. H. and Zhou, J.},
 title = {Smooth Parametric Surfaces and n-sided Patches},
 booktitle = {Computation of Curves and Surfaces},
 year = {1990},
 pages = {499--528},
 numpages = {30},
 editor = {Dahmen, W. and Gasca, M. and Micchelli, C. A.},
 publisher = {Kluwer Academic Publishers},
} 

@article{Sabin:1986,
title = "Some negative results in N-sided patches",
journal = "Computer-Aided Design",
volume = "18",
number = "1",
pages = "38--44",
year = "1986",
note = "",
issn = "0010-4485",
doi = "DOI: 10.1016/S0010-4485(86)80009-4",
author = "M.A. Sabin",
keywords = "geometry",
keywords = "B-spline",
keywords = "n sided patches"
}

@article{Gordon:1971,
 jstor_articletype = {research-article},
 title = {Blending-Function Methods of Bivariate and Multivariate Interpolation and Approximation},
 author = {Gordon, William J.},
 journal = {SIAM Journal on Numerical Analysis},
 jstor_issuetitle = {},
 volume = {8},
 number = {1},
 jstor_formatteddate = {Mar., 1971},
 pages = {158-177},
 ISSN = {00361429},
 abstract = {},
 language = {English},
 year = {1971},
 publisher = {Society for Industrial and Applied Mathematics},
 copyright = {Copyright ¬© 1971 Society for Industrial and Applied Mathematics},
}

@inproceedings{Gregory:1974,
 author = {Gregory, J. A.},
 title = {Smooth Interpolation Without Twist Constraints},
 booktitle = {Computer Aided Geometric Design},
 year = {1974},
 pages = {71--88},
 publisher = {Academic Press, Inc.},
} 
@Comment  editor = {Barnhill, R. E. and Riesenfeld, R. F.},
@Comment  isbn = {0120790505},

@article{Gordon:1969,
 author = {Gordon, W. J.},
 title = {Spline Blended Surface Interpolation Through Curve Networks},
 journal = {Journal of Mathematics and Mechanics},
 volume = {18},
 number = {10},
 issn = {0022-2518},
 pages = {931--952},
 year = {1969},
 publisher = {Indiana University}
}

@techreport{Coons:1967,
 author = {Coons, S. A.},
 title = {Surfaces for Computer-Aided Design of Space Forms},
 year = {1967},
 number = {MIT/LCS/TR-41},
 institution = {Massachusetts Institute of Technology},
} 

@book{Farin:2002,
 author = {Farin, Gerald},
 title = {Curves and surfaces for CAGD: a practical guide},
 year = {2002},
 isbn = {1-55860-737-4},
 edition = {5th},
 publisher = {Morgan Kaufmann Publishers Inc.},
} 

@article{Farin:1999,
  title={Discrete {C}oons patches},
  author={Farin, Gerald and Hansford, Dianne},
  journal={Computer Aided Geometric Design},
  volume={16},
  number={7},
  pages={691--700},
  year={1999}
}

@incollection{Peters:1994,
 author = {Peters, J.},
 title = {Constructing {$C^1$} Surfaces of Arbitrary Topology Using Biquadratic and Bicubic Splines},
 booktitle = {Designing Fair Curves and Surfaces: Shape Quality in Geometric Modeling and Computer-Aided Design},
 year = {1994},
 isbn = {0898713323},
 publisher = {Society for Industrial and Applied Mathematics},
} 

@inproceedings{Moreton:1991,
 author = {Moreton, Henry and S\'{e}quin, Carlo},
 title = {Surface design with minimum energy networks},
 booktitle = {1st Symposium on Solid Modeling Foundations and CAD/CAM Applications},
 year = {1991},
 isbn = {0-89791-427-9},
 location = {Austin, Texas, United States},
 pages = {291--301},
 numpages = {11},
 doi = {http://doi.acm.org/10.1145/112515.112553},
 acmid = {112553},
 publisher = {ACM},
}

@article{Peters:1992,
 author = {Peters, J\"{o}rg},
 title = {Joining smooth patches around a vertex to form a {$C^k$} surface},
 journal = {Computer Aided Geometric Design},
 volume = {9},
 number = {5},
 year = {1992},
 issn = {0167-8396},
 pages = {387--411},
 numpages = {25},
 doi = {http://dx.doi.org/10.1016/0167-8396(92)90032-K},
 acmid = {172330},
 publisher = {Elsevier Science Publishers B. V.},
}

@inproceedings{Hermann:1989,
 author = {Hermann, T. and Renner, G.},
 title = {Subdivision of n-sided Regions into Four-sided Patches},
 booktitle = {Mathematics of Surfaces III},
 year = {1989},
 isbn = {0-19-853629-1},
 pages = {347--357},
 numpages = {11},
 acmid = {709522},
 publisher = {Clarendon Press},
}

@article{Floater:2003,
title = "Mean value coordinates",
journal = "Computer Aided Geometric Design",
volume = "20",
number = "1",
pages = "19--27",
year = "2003",
note = "",
issn = "0167-8396",
doi = "DOI: 10.1016/S0167-8396(03)00002-5",
author = "Michael S. Floater",
keywords = "Barycentric coordinates",
keywords = "Harmonic function",
keywords = "Mean value theorem",
keywords = "Parameterization",
keywords = "Morphing"
}

@article{Hormann:2006,
 author = {Hormann, Kai and Floater, Michael S.},
 title = {Mean value coordinates for arbitrary planar polygons},
 journal = {Transactions on Graphics},
 volume = {25},
 number = {4},
 year = {2006},
 issn = {0730-0301},
 pages = {1424--1441},
 numpages = {18},
 acmid = {1183295},
 publisher = {ACM},
 keywords = {Barycentric coordinates, interpolation},
}
@Comment  doi = {http://doi.acm.org/10.1145/1183287.1183295},

@article{Ju:2005,
    author = {Tao Ju and Scott Schaefer and Joe Warren},
    title = {Mean value coordinates for closed triangular meshes},
    journal = {Transactions on Graphics},
    year = {2005},
    volume = {24},
    pages = {561--566}
}

@inproceedings{Floater:2008,
 author = {Floater, M. S. and Schulz, C.},
 title = {Pointwise radial minimization: Hermite interpolation on arbitrary domains},
 booktitle = {Symposium on Geometry Processing},
 series = {SGP},
 year = {2008},
 location = {Copenhagen, Denmark},
 pages = {1505--1512},
 numpages = {8},
 acmid = {1731338},
 publisher = {Eurographics Association},
 keywords = {Hermite interpolation, mean value interpolation, transfinite interpolation},
}

@article {Manson:2010,
author = {Manson, Josiah and Schaefer, Scott},
title = {Moving Least Squares Coordinates},
journal = {Computer Graphics Forum},
volume = {29},
number = {5},
issn = {1467-8659},
doi = {10.1111/j.1467-8659.2010.01760.x},
pages = {1517--1524},
keywords = {I.3.5 [Computer Graphics]: Computational Geometry and Object Modeling‚ÄîBoundary representations},
year = {2010},
publisher={Wiley Online Library}
}

@article {Numerov:1927,
author = {Numerov, B.},
title = {Note on the numerical integration of d2x/dt2 = f(x, t)},
journal = {Astronomische Nachrichten},
volume = {230},
number = {19},
publisher = {WILEY-VCH Verlag},
issn = {1521-3994},
doi = {10.1002/asna.19272301903},
pages = {359--364},
year = {1927},
}

@article{Weiss:2002,
title = "Advanced surface fitting techniques",
journal = "Computer Aided Geometric Design",
volume = "19",
number = "1",
pages = "19--42",
year = "2002",
note = "",
issn = "0167-8396",
doi = "10.1016/S0167-8396(01)00086-3",
author = "V. Weiss and L. Andor and G. Renner and T. V\'{a}rady",
}

@book{Wachspress:1975,
title = "A rational finite element basis",
author = "Wachspress, Eugene L.",
year = 1975,
isbn = "0-12-728950-X",
publisher = "Academic Press",
}

@misc{FloaterHormannDiscussion:2012,
author = {Floater, Michael S. and Hormann, Kai},
howpublished = {Personal communication},
year = 2012
}

@article{Barnhill:1973,
title = "Smooth interpolation in triangles",
journal = "Journal of Approximation Theory",
volume = "8",
number = "2",
pages = "114--128",
year = "1973",
note = "",
issn = "0021-9045",
doi = "10.1016/0021-9045(73)90020-8",
author = "R.E Barnhill and G Birkhoff and W.J Gordon"
}

@article{Nielson:1979,
title = "The side-vertex method for interpolation in triangles",
journal = "Journal of Approximation Theory",
volume = "25",
number = "4",
pages = "318 - 336",
year = "1979",
note = "",
issn = "0021-9045",
doi = "10.1016/0021-9045(79)90020-0",
author = "Gregory M. Nielson"
}

@inproceedings{Grimm:2012,
 author = {Grimm, C. and Joshi, P.},
 title = {Just {D}raw {I}t: a 3{D} sketching system},
 booktitle = {Symposium on Sketch-Based Interfaces and Modeling},
 year = {2012},
 isbn = {978-3-905674-42-2},
 location = {Annecy, France},
 pages = {121--130},
 numpages = {10},
 acmid = {2331084},
 publisher = {Eurographics Association},
}

@article{Worsey:1984,
  title={A modified {C2} {C}oons' patch},
  author={Worsey, AJ},
  journal={Computer Aided Geometric Design},
  volume={1},
  number={4},
  pages={357--360},
  year={1984},
  publisher={Elsevier}
}

@inproceedings{Barnhill:1983,
  title={Computer aided surface representation and design},
  author={Barnhill, RE and Boehm, W.},
  booktitle={Surfaces in {C}omputer {A}ided {G}eometric {D}esign},
  pages={1--24},
  year={1983},
  organization={North-Holland}
}

@article{Peters:1990,
  title={Local smooth surface interpolation: a classification},
  author={Peters, J.},
  journal={Computer Aided Geometric Design},
  volume={7},
  number={1},
  pages={191--195},
  year={1990},
  publisher={Elsevier}
}

@article{Peters:1991,
  title={Smooth interpolation of a mesh of curves},
  author={Peters, J.},
  journal={Constructive Approximation},
  volume={7},
  number={1},
  pages={221--246},
  year={1991},
  publisher={Springer}
}

@article{Farouki:2009,
  title={Existence conditions for Coons patches interpolating geodesic boundary curves},
  author={Farouki, RT and Szafran, N. and Biard, L.},
  journal={Computer Aided Geometric Design},
  volume={26},
  number={5},
  pages={599--614},
  year={2009},
  publisher={Elsevier}
}

@inproceedings{Levin:1999,
  title={Interpolating nets of curves by smooth subdivision surfaces},
  author={Levin, Adi},
  booktitle={26th Conference on Computer Graphics and Interactive Techniques},
  pages={57--64},
  year={1999},
  organization={ACM}
}

@article{Nasri:2002,
  title={Designing {C}atmull--{C}lark subdivision surfaces with curve interpolation constraints},
  author={Nasri, Ahmad H and Abbas, A},
  journal={Computers \& Graphics},
  volume={26},
  number={3},
  pages={393--400},
  year={2002},
  publisher={Elsevier}
}

@article{Ma:2009,
  title={Loop subdivision surfaces interpolating {B}-spline curves},
  author={Ma, Weiyin and Wang, Huawei},
  journal={Computer-Aided Design},
  volume={41},
  number={11},
  pages={801--811},
  year={2009},
  publisher={Elsevier}
}

@article{Peters:1993,
  title={Smooth free-form surfaces over irregular meshes generalizing quadratic splines},
  author={Peters, J{\"o}rg},
  journal={Computer Aided Geometric Design},
  volume={10},
  number={3},
  pages={347--361},
  year={1993},
  publisher={Elsevier}
}

@incollection{Karvciauskas:2007,
  title={Guided C 2 spline surfaces with V-shaped tessellation},
  author={Kar{\v{c}}iauskas, Kestutis and Peters, Jorg},
  booktitle={Mathematics of Surfaces XII},
  pages={233--244},
  year={2007},
  publisher={Springer}
}

@article{Loop:2009,
  title={Approximating subdivision surfaces with Gregory patches for hardware tessellation},
  author={Loop, Charles and Schaefer, Scott and Ni, Tianyun and Casta{\~n}o, Ignacio},
  journal={Transactions on Graphics},
  volume={28},
  number={5},
  pages={151},
  year={2009},
  publisher={ACM}
}

@article{Loop:2008:bicubic,
  title={Approximating {C}atmull--{C}lark subdivision surfaces with bicubic patches},
  author={Loop, Charles and Schaefer, Scott},
  journal={Transactions on Graphics},
  volume={27},
  number={1},
  pages={8},
  year={2008},
  publisher={ACM}
}

@article{Bommes:2011,
  title={Global structure optimization of quadrilateral meshes},
  author={Bommes, David and Lempfer, Timm and Kobbelt, Leif},
  journal={Computer Graphics Forum},
  volume={30},
  number={2},
  pages={375--384},
  year={2011},
  publisher={Wiley Online Library}
}

@inproceedings{Hermann:2009,
  title={A geometric criterion for smooth interpolation of curve networks},
  author={Hermann, T and Peters, J and Strotman, T},
  booktitle={Conference on Geometric and Physical Modeling},
  pages={169--173},
  year={2009},
  organization={ACM}
}

@article{Dyken:2009,
  title={Transfinite mean value interpolation},
  author={Dyken, Christopher and Floater, Michael S},
  journal={Computer Aided Geometric Design},
  volume={26},
  number={1},
  pages={117--134},
  year={2009},
  publisher={Elsevier}
}

@article{Bruvoll:2010,
  title={Transfinite mean value interpolation in general dimension},
  author={Bruvoll, Solveig and Floater, Michael S},
  journal={Journal of Computational and Applied Mathematics},
  volume={233},
  number={7},
  pages={1631--1639},
  year={2010},
  publisher={Elsevier}
}

@article{Farouki:2009,
  title={Existence conditions for {C}oons patches interpolating geodesic boundary curves},
  author={Farouki, RT and Szafran, Nicolas and Biard, Luc},
  journal={Computer Aided Geometric Design},
  volume={26},
  number={5},
  pages={599--614},
  year={2009},
  publisher={Elsevier}
}

@article{Farin:2000,
  title={The Essentials of CAGD},
  author={Farin, Gerald E and Hansford, Dianne},
  year={2000},
  publisher={AK Peters, Ltd.}
}

@article{Wang:2008,
  title={Computation of rotation minimizing frames},
  author={Wang, W. and J{\"u}ttler, B. and Zheng, D. and Liu, Y.},
  journal={ACM Transactions on Graphics},
  volume={27},
  number={1},
  pages={2},
  year={2008},
  publisher={ACM}
}

@inproceedings{Schaefer:2004,
  title={Lofting curve networks using subdivision surfaces},
  author={Schaefer, S. and Warren, J. and Zorin, D.},
  booktitle={Symposium on Geometry Processing},
  pages={103--114},
  year={2004},
  publisher={Eurographics Association},
  organization={ACM}
}

@article{Gregory:1987,
  title={Geometric continuity and convex combination patches},
  author={Gregory, J.A. and Mahn, J.M.},
  journal={Computer Aided Geometric Design},
  volume={4},
  number={1},
  pages={79--89},
  year={1987},
  publisher={Elsevier}
}

@article{Hall:1999:G2,
  title={Continuity between {G}regory-like patches},
  author={Hall, Richard and Mullineux, Glen},
  journal={Computer Aided Geometric Design},
  volume={16},
  number={3},
  pages={197--216},
  year={1999},
  publisher={Elsevier}
}

@article{Selesnick:1981,
  title={Local invariants and twist vectors in computer-aided geometric design},
  author={Selesnick, S.~A.},
  journal={Computer Graphics and Image Processing},
  volume={17},
  number={2},
  pages={145--160},
  year={1981},
  publisher={Elsevier}
}

@article{Hermann:1996,
  title={{$G^2$} interpolation of free form curve networks by biquintic {G}regory patches},
  author={Hermann, Thomas},
  journal={Computer Aided Geometric Design},
  volume={13},
  number={9},
  pages={873--893},
  year={1996},
  publisher={Elsevier}
}

@article{Hermann:2012,
  title={Curve networks compatible with {$G^2$} surfacing},
  author={Hermann, Thomas and Peters, J{\"o}rg and Strotman, Tim},
  journal={Computer Aided Geometric Design},
  volume={29},
  number={5},
  pages={219--230},
  year={2012},
  publisher={Elsevier}
}

@article{Smith:2015,
  title={Selective Degree Elevation for Multi-Sided {B}{\'e}zier Patches},
  author={Smith, J and Schaefer, S},
  journal={Computer Graphics Forum},
  volume={34},
  number={2},
  pages={609--615},
  year={2015},
  publisher={Eurographics}
}

@article{Gregory:1991,
  title={Filling polygonal holes with bicubic patches},
  author={Gregory, John A and Zhou, Jianwei},
  journal={Computer Aided Geometric Design},
  volume={11},
  number={4},
  pages={391--410},
  year={1994},
  publisher={Elsevier}
}

@article{Prautzsch:1997,
  title={Freeform splines},
  author={Prautzsch, Hartmut},
  journal={Computer Aided Geometric Design},
  volume={14},
  number={3},
  pages={201--206},
  year={1997},
  publisher={Elsevier}
}

@inproceedings{Loop:2008,
  title={{$G^2$} tensor product splines over extraordinary vertices},
  author={Loop, Charles and Schaefer, Scott},
  booktitle={Computer Graphics Forum},
  volume={27},
  number={5},
  pages={1373--1382},
  year={2008},
}

@article{Karciauskas:2015,
  title={Generalizing bicubic splines for modeling and {IGA} with irregular layout},
  author={Kar{\v{c}}iauskas, K»©stutis and Nguyen, Thien and Peters, J{\"o}rg},
  journal={Computer-Aided Design},
  volume = "70",
  pages = "23--35",
  year = "2016",
  publisher={Elsevier}
}

@article{Sun:2015,
author = "Lan-Yin Sun and Chun-Gang Zhu",
title = "{$G^1$} continuity between toric surface patches",
journal = "Computer Aided Geometric Design",
volume = "35",
number = "",
pages = "255--267",
year = "2015",
issn = "0167-8396",
doi = "http://dx.doi.org/10.1016/j.cagd.2015.03.017",
}

@article{Beccari:2014,
  title={{RAGS}: Rational geometric splines for surfaces of arbitrary topology},
  author={Beccari, Carolina Vittoria and Gonsor, Daniel E and Neamtu, Marian},
  journal={Computer Aided Geometric Design},
  volume={31},
  number={2},
  pages={97--110},
  year={2014},
  publisher={Elsevier}
}

@article{Ball:2001,
  title={Degree elevation for $n$-sided surfaces},
  author={Ball, Alan A. and Zheng, Jinjin},
  journal={Computer Aided Geometric Design},
  volume={18},
  number={2},
  pages={135--147},
  year={2001},
  publisher={Elsevier}
}

@article{Krasauskas:2002,
author="Krasauskas, Rimvydas",
title="Toric Surface Patches",
journal="Advances in Computational Mathematics",
year="2002",
volume="17",
number="1",
pages="89--113",
issn="1572-9044",
doi="10.1023/A:1015289823859",
}

@article{Floater:2015,
  title={Generalized barycentric coordinates and applications},
  author={Floater, Michael S},
  journal={Acta Numerica},
  volume={24},
  pages={161--214},
  year={2015},
  publisher={Cambridge Univ Press}
}

@article{Pan:2015,
  title={Flow aligned surfacing of curve networks},
  author={Pan, Hao and Liu, Yang and Sheffer, Alla and Vining, Nicholas and Li, Chang-Jian and Wang, Wenping},
  journal={ACM Transactions on Graphics},
  volume={34},
  number={4},
  pages={127},
  year={2015},
  publisher={ACM}
}

@incollection{Kahmann:1983,
  title={Continuity of curvature between adjacent {B}{\'e}zier patches},
  author={Kahmann, Juergen},
  booktitle={Surfaces in computer aided geometric design},
  pages={65--75},
  year={1983},
  publisher={North Holland}
}

@article{Stanko:2016,
  title={Surfacing curve networks with normal control},
  author={Stanko, Tibor and Hahmann, Stefanie and Bonneau, Georges-Pierre and Saguin-Sprynski, Nathalie},
  journal={Computers \& Graphics},
  volume={60},
  pages={1--8},
  year={2016},
  publisher={Elsevier}
}

@inproceedings{DeRose:2006,
  title={Harmonic coordinates},
  author={DeRose, Tony and Meyer, Mark},
  booktitle={Pixar Technical Memo 06-02, Pixar Animation Studios},
  year={2006}
}

@article{Budninskiy:2016,
  title={Power coordinates: a geometric construction of barycentric coordinates on convex polytopes},
  author={Budninskiy, Max and Liu, Beibei and Tong, Yiying and Desbrun, Mathieu},
  journal={ACM Transactions on Graphics},
  volume={35},
  number={6},
  pages={241},
  year={2016},
  publisher={ACM}
}

@incollection{Schaefer:2017,
  author =       "Schaefer, Scott",
  title =        "Multi-Sided Patches via Barycentric Coordinates",
  year =         "2017",
  editors =      "Hormann, K. and Sukumar, N.",
  booktitle =    "Generalized Barycentric Coordinates in Computer Graphics and Computational Mechanics",
  chapter =      "8",
  pages =        "135--146",
  publisher =    "CRC Press"
}

@article{Hettinga:2018,
  title={Multisided generalisations of {G}regory patches},
  author={Hettinga, Gerben J. and Kosinka, Ji{\v{r}}{\'\i}},
  journal={Computer Aided Geometric Design},
  volume={62},
  pages={166--180},
  year={2018},
  publisher={Elsevier}
}
 @Comment doi="https://doi.org/10.1016/j.cagd.2018.03.005"

@inproceedings{Karciauskas:2015:classA,
author = "Kar{\v{c}}iauskas, Kƒôstutis and Peters, J{\"o}rg",
title = "Can bi-cubic surfaces be class {A}?",
booktitle = {Computer Graphics Forum},
volume = {34},
number = {5},
pages = {229--238},
year = {2015},
}

@inproceedings{Rusinkiewicz:2004,
  title={Estimating curvatures and their derivatives on triangle meshes},
  author={Rusinkiewicz, Szymon},
  booktitle={3D Data Processing, Visualization and Transmission},
  pages={486--493},
  year={2004},
  organization={IEEE}
}

@article{Monterde:2004,
  title={On harmonic and biharmonic {B\'e}zier surfaces},
  author={Monterde, Juan and Ugail, Hassan},
  journal={Computer Aided Geometric Design},
  volume={21},
  number={7},
  pages={697--715},
  year={2004},
  publisher={North-Holland}
}
