@inproceedings{Salvi:2005,
 author = {Salvi, P{\'e}ter and V\'{a}rady, Tam{\'a}s},
 title = {Local Fairing of Freeform Curves and Surfaces},
 booktitle = {Proceedings of the Third Hungarian Conference on Computer Graphics and Geometry},
 pages = {113--118},
 year = {2005}
}

@inproceedings{Salvi:2007,
 author = {Salvi, P{\'e}ter and V\'{a}rady, Tam{\'a}s and Suzuki, H.},
 title = {Local Fairing of Curves and Surfaces},
 booktitle = {Proceedings of JSPE Semestrial Meeting},
 volume = {2007S},
 pages = {11--12},
 year = {2007}
}

@inproceedings{Salvi:2008,
 author = {Salvi, P{\'e}ter and Suzuki, H. and V\'{a}rady, Tam{\'a}s},
 title = {Fast and local fairing of B-spline curves and surfaces},
 booktitle = {Proceedings of the 5th international conference on Advances in geometric modeling and processing},
 series = {GMP'08},
 year = {2008},
 isbn = {3-540-79245-7, 978-3-540-79245-1},
 location = {Hangzhou, China},
 pages = {155--163},
 numpages = {9},
 acmid = {1792292},
 publisher = {Springer-Verlag},
 address = {Berlin, Heidelberg},
}

@inproceedings{Salvi:2010,
 author = {Salvi, P{\'e}ter and V\'{a}rady, Tam{\'a}s},
 title = {Constrained Fairing of Freeform Surfaces},
 booktitle = {Proceedings of the Fifth Hungarian Conference on Computer Graphics and Geometry},
 pages = {65--72},
 year = {2010}
}

@inproceedings{Salvi:2010:SPM,
 author = {Salvi, P\'{e}ter and V\'{a}rady, Tam\'{a}s},
 title = {Hierarchical surface fairing with constraints},
 booktitle = {Proceedings of the 14th ACM Symposium on Solid and Physical Modeling},
 series = {SPM '10},
 year = {2010},
 isbn = {978-1-60558-984-8},
 location = {Haifa, Israel},
 pages = {195--200},
 numpages = {6},
 doi = {http://doi.acm.org/10.1145/1839778.1839809},
 acmid = {1839809},
 publisher = {ACM},
 address = {New York, NY, USA},
}

@article{Varady:2011,
 author = {V\'{a}rady, Tam{\'a}s and Rockwood, Alyn and Salvi, P{\'e}ter},
 title = {Transfinite surface interpolation over irregular {$n$}-sided domains},
 journal = {Computer Aided Design},
 volume = {43},
 number = {11},
 year = {2011},
 issn = {0010-4485},
 pages = {1330--1340},
 numpages = {11},
 acmid = {2046895},
 publisher = {Butterworth-Heinemann},
 address = {Newton, MA, USA}
}
@Comment doi = {http://dx.doi.org/10.1016/j.cad.2011.08.028},

@inproceedings{Varady:2012:GrafGeo,
 author = {V\'{a}rady, Tam{\'a}s and Salvi, P{\'e}ter and Rockwood, Alyn},
 title = {3D Shape Design Using Curve Networks with Ribbons},
 booktitle = {Proceedings of the Sixth Hungarian Conference on Computer Graphics and Geometry},
 year = {2012},
 pages = {34--41}
}

@inproceedings{Varady:2012:GrafGeo,
 author = {Salvi, P{\'e}ter and V\'{a}rady, Tam{\'a}s and Rockwood, Alyn},
 title = {New Schemes for Multi-sided Transfinite Surface Interpolation},
 booktitle = {Proceedings of the Sixth Hungarian Conference on Computer Graphics and Geometry},
 year = {2012},
 pages = {56--63}
}

@phdthesis{Salvi:2012,
 author = {Salvi, P\'{e}ter},
 title = {Fair Curves and Surfaces},
 school = {E\"{o}tv\"{o}s Lor\'{a}nd University},
 year = {2012},
 address = {Budapest},
}

@article{Varady:2012,
 author = {V\'{a}rady, Tam\'{a}s and Salvi, P{\'e}ter and Rockwood, Alyn},
 title = {Transfinite surface interpolation with interior control},
 journal = {Graphical Models},
 issn = {1524-0703},
 publisher = {Elsevier Science},
 year = {2012},
 volume = {74},
 number = {6},
 pages = {311--320}
}

@inproceedings{Varady:2013:KEPAF,
 author = {V\'{a}rady, Tam{\'a}s and Salvi, P{\'e}ter},
 title = {New multi-sided patches for curve network-based design},
 booktitle = {Proceedings of the 9th Conference of the Hungarian Association for Image Processing and Pattern Recognition},
 year = {2013},
 pages = {566--579}
}

@inproceedings{Varady:2013:EuroGraphics,
 author = {V\'{a}rady, Tam{\'a}s and Salvi, P{\'e}ter and Rockwood, Alyn},
 title = {Transfinite Surface Patches Using Curved Ribbons},
 booktitle = {EuroGraphics 2013 --- Short Papers},
 year = {2013},
 pages = {5--8},
 publisher = {Eurographics Association}
}

@inproceedings{Salvi:2013:IMA,
 author = {Salvi, P{\'e}ter and V\'{a}rady, Tam\'{a}s and Rockwood, Alyn},
 title = {Transfinite Surface Interpolation Over Specific Curvenet Configurations},
 booktitle = {The Mathematics of Surfaces XIV},
 year = {2013},
 pages = {309--326},
 publisher = {IMA}
}
@Comment  editor = {Cripps, Robert J. and Mullineux, Glen and Sabin, Malcolm A.},

@inproceedings{Salvi:2014:GrafGeo,
 author = {Salvi, P{\'e}ter and V\'{a}rady, Tam{\'a}s},
 title = {Multi-sided Surfaces with Curvature Continuity},
 booktitle = {Proceedings of the Seventh Hungarian Conference on Computer Graphics and Geometry},
 pages = {13--20},
 year = {2014}
}

@article{Salvi:2014,
 author = {Salvi, P{\'e}ter and V\'{a}rady, Tam{\'a}s and Rockwood, Alyn},
 title = {Ribbon-based Transfinite Surfaces},
 journal = {Computer Aided Geometric Design},
 year = {2014},
 issn = {0010-4485},
 volume = {31},
 number = {9},
 pages = {613--630},
 publisher = {Butterworth-Heinemann},
 address = {Newton, MA, USA}
}

@article {Salvi:2014:PG,
author = {Salvi, P{\'e}ter and V{\'a}rady, Tam{\'a}s},
title = {{$G^2$} Surface Interpolation Over General Topology Curve Networks},
journal = {Computer Graphics Forum},
volume = {33},
number = {7},
issn = {1467-8659},
url = {http://dx.doi.org/10.1111/cgf.12483},
doi = {10.1111/cgf.12483},
pages = {151--160},
keywords = {Categories and Subject Descriptors (according to ACM CCS), Computer Graphics [I.3.5]: Computational Geometry and Object Modeling---curvenet-based design, transfinite surfaces, Gregory patches, G2 continuity},
year = {2014},
}

@inproceedings{Salvi:2015:KEPAF,
 author = {Salvi, P{\'e}ter and V\'{a}rady, Tam{\'a}s},
 title = {Comparison of Two {$n$}-Patch Representations in Curve Network-Based Design},
 booktitle = {Proceedings of the 10th Conference of the Hungarian Association for Image Processing and Pattern Recognition},
 year = {2015},
 pages = {612--624}
}

@inproceedings{Kovacs:2015:KEPAF,
 author = {Kov\'{a}cs, Istv{\'a}n and V\'{a}rady, Tam{\'a}s and Salvi, P{\'e}ter},
 title = {Struktur\'{a}lis alaksaj\'{a}toss√°gok \'{e}rv\'{e}nyes\'{\i}t\'{e}se CAD modellek rekonstrukci\'{o}ja sor\'{a}n},
 booktitle = {Proceedings of the 10th Conference of the Hungarian Association for Image Processing and Pattern Recognition},
 year = {2015},
 pages = {625--640}
}

@article{Kovacs:2015,
 author = {Kov\'{a}cs, Istv\'{a}n and V\'{a}rady, Tam\'{a}s and Salvi, P{\'e}ter},
 title = {Applying geometric constraints for perfecting {CAD} models in reverse engineering},
 journal = {Graphical Models},
 issn = {1524-0703},
 publisher = {Elsevier Science},
 year = {2015},
 volume = {82},
 pages = {44--57}
}

@article{Varady:2016:EG,
author = {V{\'a}rady, Tam{\'a}s and Salvi, P{\'e}ter and Karik{\'o}, Gy{\"o}rgy},
title = {A Multi-sided {B}\'{e}zier Patch with a Simple Control Structure},
journal = {Computer Graphics Forum},
volume = {35},
number = {2},
issn = {1467-8659},
keywords = {Categories and Subject Descriptors (according to ACM CCS), Computer Graphics [I.3.5]: Computational Geometry and Object Modeling---Curve, surface, solid, and object representations},
year = {2016},
pages = {307--317},
}
@Comment doi = {10.1111/cgf.12833},

@inproceedings{Salvi:2016:GrafGeo,
 author = {Salvi, P{\'e}ter and V\'{a}rady, Tam{\'a}s},
 title = {Multi-sided Surfaces with Fullness Control},
 booktitle = {Proceedings of the Eighth Hungarian Conference on Computer Graphics and Geometry},
 year = {2016},
 pages = {61--69}
}

@article{Varady:2017,
  title={Enhancement of a multi-sided {B\'e}zier surface representation},
  author={V{\'a}rady, Tam{\'a}s and Salvi, P{\'e}ter and Kov{\'a}cs, Istv{\'a}n},
  journal={Computer Aided Geometric Design},
  volume={55},
  pages={69--83},
  year={2017},
  publisher={Elsevier}
}

@inproceedings{Salvi:2017:WAIT,
 author = {Salvi, P{\'e}ter and Kov{\'a}cs, Istv{\'a}n and V{\'a}rady, Tam{\'a}s},
 title = {Computationally efficient transfinite patches with fullness control},
 booktitle = {Proceedings of the Workshop on the Advances of Information Technology},
 year = {2017},
 pages = {96--100}
}

@inproceedings{Salvi:2019:KEPAF,
 author = {Salvi, P{\'e}ter},
 title = {{$G^1$} hole filling with {S}-patches made easy},
 booktitle = {Proceedings of the 12th Conference of the Hungarian Association for Image Processing and Pattern Recognition (submitted)},
 year = {2019}
}
 @Comment pages = {}
